%%%%%%%%%%%%%%%%%%%%%%%%%%%%%%%%%%%%%%%%%%%%%%
%%% bib citations for Jianfeng Lu's papers %%%
%%%%%%%%%%%%%%%%%%%%%%%%%%%%%%%%%%%%%%%%%%%%%%

@article{LuVandenEijnden:13,
  author = {Lu, J. and  Vanden-Eijnden, E.},
  title = {Infinite swapping replica exchange molecular dynamics leads to a simple simulation patch using mixture potentials},
  journal = {J. Chem. Phys.},
  volume = {138},
  pages = {084105},
  year = {2013}
  }

@article{YouLiLuGe:18,
  author = {You, Zhiyi and Li, Liying and Lu, Jianfeng and Ge, Hao},
  title = {Integrated tempering enhanced sampling method as the infinite switching limit of simulated tempering},
  journal = {J. Chem. Phys.},
  volume = {149},
  pages = {084114},
  year = {2018}
  }

@article{FangLu:18,
  author = {Fang, D. and Lu, J.},
  title = {A Diabatic Surface Hopping Algorithm based on Time Dependent Perturbation Theory and Semiclassical Analysis},
  journal = {Multiscale Model. Simul.},
  volume = {16},
  pages = {1603--1622},
  year = {2018}
  }

@article{BarthelLu:18,
  author = {Barthel, Thomas and Lu, Jianfeng},
  title = {Fundamental limitations for measurements in quantum many-body systems},
  journal = {Phys. Rev. Lett.},
  volume = {121},
  year = {2018},
  pages = {080406}
  }

@article{LuSteinerberger:18,
  author = {Lu, Jianfeng and Steinerberger, Stefan},
  title = {Detecting localized eigenstates of linear operators},
  journal = {Res. Math. Sci.},
  volume = {5},
  pages = {33},
  year = {2018}
  }

@article{CaoLu:18,
  author = {Cao, Yu and Lu, Jianfeng},
  title = {Stochastic dynamical low-rank approximation method},
  journal = {J. Comput. Phys.},
  volume = {372},
  pages = {564--586},
  year = {2018}
  }

@article{CaiLu:18surface,
  author = {Cai, Zhenning and Lu, Jianfeng},
  title = {A surface hopping Gaussian beam method for high-dimensional transport systems},
  journal = {SIAM J. Sci. Comput.},
  volume = {40},
  pages = {B1277--B1301},
  year = {2018}
  }

@article{LuYang:18,
  author = {Lu, Jianfeng and Yang, Haizhao},
  title = {Phase space sketching for crystal image analysis based on synchrosqueezed transforms},
  journal = {SIAM J. Imaging Sci.},
  volume = {11},
  pages = {1954--1978},
  year = {2018}
  }

@article{ChenLuOrtner:18,
  author = {Chen, Huajie and Lu, Jianfeng and Ortner, Christoph},
  title = {Thermodynamic limit of crystal defects with finite temperature tight binding},
  journal = {Arch. Ration. Mech. Anal.},
  volume = {230},
  pages = {701--733},
  year = {2018}
  }

@article{DelgadilloLuYang:18,
  author = {Delgadillo, Ricardo and Lu, Jianfeng and Yang, Xu},
  title = {Frozen {G}aussian approximation for high frequency wave propagation in periodic media},
  journal = {Asymptotic Anal.},
  volume = {110},
  pages = {113--135},
  year = {2018}
  }


@article{CaiLu:18qkmc,
  author = {Cai, Zhenning and Lu, Jianfeng},
  title = {A quantum kinetic {M}onte {C}arlo method for quantum many-body spin dynamics},
  journal = {SIAM J. Sci. Comput.},
  volume = {40},
  pages = {B706--B722},
  year = {2018}
  }
  
@article{LuZhou:18a,
  author = {Lu, Jianfeng and Zhou, Zhennan},
  year = {2018},
  title = {Accelerated sampling by infinite swapping of path integral molecular dynamics with surface hopping},
  journal = {J. Chem. Phys.},
  volume = {148},
  pages = {064110}
  }

@article{HuangLuMing:18,
  author = {Huang, Yufang and Lu, Jianfeng and Ming, Ping-Bing},
  title = {A concurrent global-local numerical method for multiscale
                  {PDE}s},
  journal = {J. Sci. Comput.},
  volume = {76},
  pages = {1188--1215},
  year = {2018}
    }

@article{DuLiLuTian:18,
  author = {Du, Qiang and Li, Xingjie Helen and Lu, Jianfeng and Tian, Xiaochuan},
  year = {2018},
  title = {A quasinonlocal coupling method for nonlocal and local diffusion models},
  journal = {SIAM J. Numer. Anal.},
  volume = {56},
  pages = {1386--1404}
  }



@article{LaiLu:18,
  author = {Lai, Rongjie and Lu, Jianfeng},
  title = {Point cloud discretization of {F}okker-{P}lanck operators for committor functions},
  journal = {Multiscale Model. Simul.},
  volume = {16},
  pages = {710--726},
  year = {2018}
  }

@article{LiLiuLuZhou:18,
  author = {Li, Xiaoou and Liu, Jingchen and Lu, Jianfeng and Zhou, Xiang},
  title = {Moderate deviation for random elliptic {PDE}s with small noise},
  journal = {Ann. Appl. Prob.},
  volume = {28},
  pages = {2781--2813},
  year = {2018}
  }


@article{CaoLu:17,
  author = {Cao, Yu and Lu, Jianfeng},
  year = {2017},
  title = {Lindblad equation and its semiclassical limit of the {A}nderson-{H}olstein model},
  journal = {J. Math. Phys.},
  volume = {58},
  pages = {122105}
  }


@article{GaucklerMarzuola:19,
  author = {Gauckler, Ludwig and Marzuola, Jeremy and Lu, Jianfeng and Rousset, Frederic and Schratz, Katharina},
  title = {Trigonometric integrators for quasilinear wave equations},
  journal = {Math. Comp.},
  volume = {88},
  pages = {717--749},
  year = {2019}
  }



@article{LuThicke:17c,
  author = {Lu, Jianfeng and Thicke, Kyle},
  year = {2017},
  title = {Cubic scaling algorithms for {RPA} correlation using interpolative separable density fitting},
  journal = {J. Comput. Phys.},
  volume = {351},
  pages = {187--202}
  }


@article{LiLiuLu:17,
  author = {Li, Lei and Liu, Jian-Guo and Lu, Jianfeng},
  year = {2017},
  title = {Fractional stochastic differential equations satisfying fluctuation-dissipation theorem},
  journal = {J. Stat. Phys.},
  volume = {169},
  pages = {316--339}
  }


@article{YuCorsetti:18,
  author = {Yu, Victor and Corsetti, Fabiano and Garcia, Alberto and Huhn, William and Jacquelin, Mathias and Jia, Weile and Lange, Bjorn and Lin, Lin and Lu, Jianfeng and Mi, Wenhui and Seifitokaldani, Ali and Vazquez-Mayagoitia, Alvaro and Yang, Chao and Yang, Haizhao and Blum, Volker},
  year = {2018},
  title = {{ELSI: A} unified software interface for {K}ohn-{S}ham electronic structure solvers},
  journal = {Comput. Phys. Commun.},
  volume = {222},
  pages = {267--285},
  }


@article{LuSteinerberger:17,
  author = {Lu, Jianfeng and Steinerberger, Stefan},
  year = {2017},
  title = {A variation on the {D}onsker-{V}aradhan inequality for the principal eigenvalue},
  journal = {Royal Soc. Proceedings A.},
  volume = {473},
  pages = {20160877}
  }


@article{QLiLu:17,
  author = {Li, Qin and Lu, Jianfeng},
  year = {2017},
  title = {An asymptotic preserving method for transport equations with oscillatory scattering coefficients},
  journal = {Multiscale Model. Simul.},
  volume = {15},
  pages = {1694--1718},
}

@article{LiLuYang:17,
  author = {Li, Chen and Lu, Jianfeng and Yang, Weitao},
  year = {2017},
  title = {On extending {K}ohn-{S}ham density functionals to systems with fractional number of electrons},
  journal = {J. Chem. Phys.},
  volume = {146},
  pages = {214109},
}


@article{LuZhou:17,
  author = {Lu, Jianfeng and Zhou, Zhennan},
  year = {2017},
  title = {Path integral molecular dynamics with surface hopping for thermal equilibrium sampling of non-adiabatic systems},
  journal = {J. Chem. Phys.},
  volume = {146},
  pages = {154110}
  }


@article{LuYang:17c,
  author = {Lu, Jianfeng and Yang, Haizhao},
  year = {2017},
  title = {A cubic scaling algorithm for excited states calculations in particle-particle random phase approximation},
  journal = {J. Comput. Phys.},
  volume = {340},
  pages = {297--308}
  }


@article{LinLuVandenEijnden:18,
  author = {Lin, Ling and Lu, Jianfeng and Vanden-Eijnden, Eric},
  title = {A mathematical theory of optimal milestoning (with a detour via exact milestoning)},
  journal = {Comm. Pure Appl. Math.},
  volume = {71},
  pages = {1149--1177},
  year = {2018}
  }


@article{WatsonLuWeinstein:17,
  author = {Watson, Alexander and Lu, Jianfeng and Weinstein, Michael I.},
  year = {2017},
  title = {Wavepackets in inhomogeneous periodic media: {E}ffective particle-field dynamics and {B}erry curvature},
  journal = {J. Math. Phys.},
  volume = {58},
  pages = {021503}
  }


@article{GaoLiuLu:17w,
  author = {Gao, Yuan and Liu, Jian-Guo and Lu, Jianfeng},
  title = {Weak solution of a continuum model for vicinal surface in the attachment-detachment-limited regime},
  journal = {SIAM J. Math. Anal.},
  volume = {49},
  pages = {1705--1731},
  year = {2017}
  }


@article{MendlLuLukkarinen:16,
  author = {Mendl, Christian and Lu, Jianfeng and Lukkarinen, Jani},
  year = {2016},
  title = {Thermalization of particle chains with onsite anharmonicity and comparison with kinetic theory},
  journal = {Phys. Rev. E},
  volume = {94},
  pages = {062104}
  }



@article{LuZhou:18, 
  author = {Lu, Jianfeng and Zhou, Zhennan}, 
  title = {Frozen {G}aussian approximation with surface hopping for mixed quantum-classical dynamics: {A} mathematical justification of fewest switches surface hopping algorithms}, 
  journal = {Math. Comp.},
  volume = {87},
  pages = {2189--2232},
  year = {2018}
}

@article{LuZhou:16, 
  author = {Lu, Jianfeng and Zhou, Zhennan}, 
  title = {Improved sampling and validation of frozen {G}aussian approximation with surface hopping algorithm for nonadiabatic dynamics}, 
  journal = {J. Chem. Phys.},
  volume = {145}, 
  pages = {124109},
  year = {2016}
}


@article{DelgadilloLuYang:16, 
  author = {Delgadillo, Ricardo and Lu, Jianfeng and Yang, Xu}, 
  title = {Gauge-invariant frozen {G}aussian approximation method for {S}chr\"odinger equation with periodic potentials}, 
  journal = {SIAM J. Sci. Comput.},
  volume = {38},
  pages = {A2440--A2463},
  year = {2016}
  }

@article{LinLu:16, 
  author = {Lin, Lin and Lu, Jianfeng}, 
  title = {Decay estimates of discretized {G}reen's functions for
  {S}chr\"odinger type operators}, 
  journal = {Sci. China Math.}, 
  note = {Special issue dedicated to ICIAM 2015},
  volume = {59},
  pages = {1561--1578},
  year = {2016}
}

@article{LiLu:16, 
  author = {Li, Xiantao and Lu, Jianfeng}, 
  title = {Traction boundary conditions for molecular static simulations}, 
  journal = {Comput. Methods Appl. Mech. Engrg.},
  volume = {308},
  pages = {310--329},
  year = {2016}
}

@article{LuYing:16f, 
  author = {Lu, Jianfeng and Ying, Lexing}, 
  title = {Fast algorithm for periodic density fitting for {B}loch waves}, 
  journal = {Ann. Math. Sci. Appl.},
  volume = {1},
  pages = {321--339},
  year = {2016}
}

@article{LiLuSun:17, 
  author = {Li, Qin and Lu, Jianfeng and Sun, Weiran}, 
  title = {Half-space kinetic equations with general boundary conditions}, 
  journal = {Math. Comp.},
  volume = {86},
  pages = {1269--1301},
  year = {2017}
}

@article{YuLuAbramsVandenEijnden:16,
  author = {Yu, Tang-Qing and Lu, Jianfeng and Abrams, Cameron F. and Vanden-Eijnden, Eric},
  title = {A multiscale implementation of infinite-swap replica exchange molecular dynamics},
  journal = {Proc. Natl. Acad. Sci. USA},
  volume = {113},
  pages = {11744--11749},
  year = {2016}
  }

@article{LuWirthYang:16, 
  author = {Lu, Jianfeng and Wirth, Benedikt and Yang, Haizhao}, 
  title = {Combining $2D$ synchrosqueezed wave packet transform with optimization for crystal image analysis}, 
  journal = {J. Mech. Phys.
    Solids}, 
  volume = {89}, 
  pages = {194--210}, 
  year = {2016}
}

@article{LuYing:16, 
  author = {Lu, Jianfeng and Ying, Lexing}, 
  title = {Sparsifying preconditioner for soliton calculations}, 
  journal = {J. Comput. Phys.}, 
  volume = {315}, 
  pages = {458--466}, 
  year = {2016}
}

@article{LaiLu:16, 
  author = {Lai, Rongjie and Lu, Jianfeng}, 
  title = {Localized density matrix minimization and linear scaling
  algorithms}, 
  journal = {J. Comput. Phys.}, 
  volume = {315}, 
  pages = {194--210}, 
  year = {2016}
}


@article{LiLuYang:15, 
  author = {Li, Chen and Lu, Jianfeng and Yang, Weitao}, 
  title = {Gentlest ascent dynamics for calculating first excited state and exploring energy landscape of {K}ohn-{S}ham density functionals}, 
  journal = {J. Chem. Phys.}, 
  volume = {143},
  pages = {224110}, 
  year = {2015}
}

@article{LuYing:15, 
  author = {Lu, Jianfeng and Ying, Lexing}, 
  title = {Compression of the electron repulsion integral tensor in tensor hypercontraction format with cubic scaling cost}, 
  journal = {J. Comput. Phys.}, 
  volume = {302}, 
  pages = {329--335}, 
  year = {2015}
}

@article{NiuLuoLuXiang:17,
  author = {Niu, Xiaohua and Luo, Tao and Lu, Jianfeng and Xiang, Yang},
  title = {Dislocation climb models from atomistic scheme to dislocation dynamics},
  journal = {J. Mech. Phys. Solids},
  volume = {99},
  pages = {242--258},
  year = {2017}
    }


@article{XLiLu:17,
  author = {Li, Xingjie Helen and Lu, Jianfeng},
  title = {Quasinonlocal coupling of nonlocal diffusions},
  journal = {SIAM J. Numer. Anal.},
  volume = {55},
  pages = {2394--2415},
  year = {2017}
  }

@article{LuSpiliopoulos:18, 
  author = {Lu, Jianfeng and Spiliopoulos, Konstantinos}, 
  title = {Analysis of multiscale integrators for multiple attractors and irreversible {L}angevin samplers},
  journal = {Multiscale Model. Simul.},
  volume = {16},
  pages = {1859--1883},
  year = {2018}
  }

@article{GaoLiuLu:17, 
  author = {Gao, Yuan and Liu, Jian-Guo and Lu, Jianfeng}, 
  title = {Continuum limit of a mesoscopic model of step motion on vicinal surfaces},
  journal = {J. Nonlinear Sci.},
  volume = {27},
  pages = {873--926},
  year = {2017}
}

@article{DaiLiLu:18, 
  author = {Dai, Shibin and Li, Bo and Lu, Jianfeng}, 
  title = {Convergence of phase-field free energy and boundary force for
  molecular solvation},
  journal = {Arch. Ration. Mech. Anal.},
  volume = {227},
  pages = {105--147},
  year = {2018}
}

@article{LiLuSun:17v, 
  author = {Li, Qin and Lu, Jianfeng and Sun, Weiran}, 
  title = {Validity and regularization of classical half-space equations}, 
  journal = {J. Stat. Phys.},
  volume = {166},
  pages = {398--433},
  year = {2017}
}

@article{LiLinLu:18, 
  author = {Li, Xiantao and Lin, Lin and Lu, Jianfeng}, 
  title = {{PEXSI-$\Sigma$}: {A} {G}reen's function embedding method for {K}ohn-{S}ham density functional theory}, 
  journal = {Ann. Math. Sci. Appl.},
  volume = {3},
  pages = {441--472},
  year = {2018}
}

@article{LuThicke:17, 
  author = {Lu, Jianfeng and Thicke, Kyle}, 
  title = {Orbital minimization method with $\ell^1$ regularization}, 
  journal = {J. Comput. Phys.},
  volume = {336},
  pages = {87--103},
  year = {2017}
}

@article{LuYang:17, 
  author = {Lu, Jianfeng and Yang, Haizhao}, 
  title = {Preconditioning orbital minimization method for planewave discretization},
  journal = {Multiscale Model. Simul.},
  volume = {15},
  pages = {254--273},
  year = {2017}
}


@article{CornelisYang:17, 
  author = {Cornelis, Bruno and Yang, Haizhao and Goodfriend, Alex and Ocon, Noelle and Lu, Jianfeng and Daubechies, Ingrid}, 
  title = {Removal of canvas patterns in digital acquisitions of paintings}, 
  journal = {IEEE Trans. Image Process.},
  volume = {26},
  pages = {160--171},
  year = {2017}
  }









@article{AnLuYing:19+,
  author = {An, Jing and Lu, Jianfeng and Ying, Lexing},
  title = {Stochastic modified equations for the asynchronous stochastic gradient descent},
  journal = {Inf. Inference},
  year = {in press}
  }

@misc{CaiLuStubbs,
  author = {Cai, Zhenning and Lu, Jianfeng and Stubbs, Kevin},
  title = {On discrete {W}igner transforms},
  note = {preprint, arXiv:1802.05834},
  year = {2018}
  }


@article{ChenLiLuWright:19+,
  author = {Chen, Ke and Li, Qin and Lu, Jianfeng and Wright, Stephen J.},
  title = {Randomized sampling for basis functions construction in generalized finite element methods},
  journal = {Multiscale Model. Simul.},
  year = {in press}
  }



@article{HuangLiuLu:19,
  author = {Huang, Hui and Liu, Jian-Guo and Lu, Jianfeng},
  title = {Learning interacting particle systems: diffusion parameter estimation for aggregation equations},
  journal = {Math. Models Methods Appl. Sci.},
  volume = {29},
  pages = {1--29},
  year = {2019}
  }

@misc{KhooLuYing:tensorring, 
  author = {Khoo, Yuehaw and Lu, Jianfeng and Ying, Lexing},
  title = {Efficient construction of tensor ring representations from sampling},
  note = {preprint, arXiv:1711.00954},
  year = {2017}
  }

@article{KhooLuYing:19,
  author = {Khoo, Yuehaw and Lu, Jianfeng and Ying, Lexing},
  title = {Solving for high dimensional committor functions using artificial neural networks},
  journal = {Res. Math. Sci.},
  volume = {6},
  pages = {1},
  year = {2019}
  }

@misc{KhooLuYing:uq,
  author = {Khoo, Yuehaw and Lu, Jianfeng and Ying, Lexing},
  title = {Solving parametric PDE problems with artificial neural networks},
  note = {preprint, arXiv:1707.03351},
  year = {2017}
  }
  
@misc{LiChengLu,
  author = {Li, Yingzhou and Cheng, Xiuyuan and Lu, Jianfeng},
  title = {Butterfly-{N}et: {O}ptimal function representation based on convolutional neural networks},
  note = {preprint, arXiv:1805.07451},
  year = {2018}
  }

@article{LiLuWang:19,
  author = {Li, Yingzhou and Lu, Jianfeng and Wang, Zhe},
  title = {Coordinate-wise descent methods for leading eigenvalue problem},
  journal = {SIAM J. Sci. Comput.},
  volume = {41},
  pages = {A2681--A2716},
  year = {2019}
  }




@article{LiLu:19,
  author = {Li, Yingzhou and Lu, Jianfeng},
  title = {Bold diagrammatic {M}onte {C}arlo in the lens of stochastic iterative methods},
  journal = {Trans. Math. Appl.},
  volume = {3},
  pages = {1--17},
  year = {2019}
}

@article{LiuLuMargetisMarzuola:19,
  author = {Liu, Jian-Guo and Lu, Jianfeng and Margetis, Dionisios and Marzuola, Jeremy},
  title = {Asymmetry in crystal facet dynamics of homoepitaxy in a continuum model},
  journal = {Phys. D},
  volume = {393},
  pages = {54--67},
  year = {2019}
  }

@article{LuLuNolen:19,
  author = {Lu, Jianfeng and Lu, Yulong and Nolen, Jim},
  title = {Scaling limit of the {S}tein variational gradient descent: the mean field regime},
  journal = {SIAM J. Math. Anal.},
  volume = {51},
  pages = {648--671},
  year = {2019}
  }

@misc{LuOtto,
  author = {Lu, Jianfeng and Otto, Felix},
  title = {Optimal artificial boundary condition for elliptic random media},
  note = {preprint, arXiv:1803.09593},
  year = {2018}
  }

@article{LuVandenEijnden:19,
  author = {Lu, Jianfeng and Vanden-Eijnden, Eric},
  title = {Methodological and computational aspects of parallel tempering methods in the infinite swapping limit},
  journal = {J. Stat. Phys.},
  volume = {174},
  pages = {715--733},
  year = {2019}
}

@article{LuWang:19+,
  author = {Lu, Jianfeng and Wang, Zhe},
  title = {The full configuration interaction quantum {M}onte {C}arlo method in the lens of inexact power iteration},
  journal = {SIAM J. Sci. Comput.},
  year = {in press}
  }

@article{NishimuraDunsonLu:19+,
  author = {Nishimura, Akihiko and Dunson, David and Lu, Jianfeng},
  title = {Discontinuous {H}amiltonian {M}onte {C}arlo for sampling discrete parameters},
  journal = {Biometrika},
  year = {in press}
  }

@article{ZhuQiuWang:19+,
  author = {Zhu, Wei and Qiu, Qiang and Wang, Bao and Lu, Jianfeng and Sapiro, Guillermo and Daubechies, Ingrid},
  title = {Stop memorizing: {A} data-dependent regularization framework for intrinsic pattern learning},
  journal = {SIAM J. Math. Data Sci.},
  year = {in press}
  }

@misc{LuWatsonWeinstein,
  author = {Lu, Jianfeng and Watson, Alex and Weinstein, Michael I.},
  title = {Dirac operators and domain walls},
  note = {preprint, arXiv:1808.01378},
  year = {2018}
  }
  
@misc{ChenLiLuWright:b,
  author = {Chen, Ke and Li, Qin and Lu, Jianfeng and Wright, Stephen J.},
  title = {Random sampling and efficient algorithms for multiscale {PDE}s},
  note = {preprint, arXiv:1807.08848},
  year = {2018}
  }

@article{CaoLuLu:19Lindblad,
  author = {Cao, Yu and Lu, Jianfeng and Lu, Yulong},
  title = {Gradient flow structure and exponential decay of the sandwiched {R}enyi divergence for primitive {L}indblad equations with GNS-detailed balance},
  journal = {J. Math. Phys.},
  volume = {60},
  pages = {052202},
  year = {2019}
  }

@article{CaoLuLu:19FP,
  author = {Cao, Yu and Lu, Jianfeng and Lu, Yulong},
  title = {Exponential decay of {R\'e}nyi divergence under {F}okker-{P}lanck equations},
  journal = {J. Stat. Phys.},
  volume = {176},
  pages = {1172--1184},
  year = {2019}
  }


@article{MartinssonLu:19,
  author = {Martinsson, Anton and Lu, Jianfeng and Leimkuhler, Benedict and Vanden-Eijnden, Eric},
  title = {Simulated tempering method in the infinite switching limit with adaptive weight learning},
  journal = {J. Stat. Mech.},
  volume = {2019},
  pages = {013207},
  year = {2019}
  }


@article{LuSachsSteinerberger:19+,
  author = {Lu, Jianfeng and Sachs, Matthias and Steinerberger, Stefan},
  title = {Quadrature points via heat kernel repulsion},
  journal = {Constr. Approx.},
  year = {in press}
  }

@article{WangLiLu:19,
  author = {Wang, Zhe and Li, Yingzhou and Lu, Jianfeng},
  title = {Cooridnate descent full configuration interaction},
  journal = {J. Chem. Theory Comput.},
  volume = {15},
  pages = {3558--3569},
  year = {2019}
  }

@article{LuSoggeSteinerberger:19,
  author = {Lu, Jianfeng and Sogge, Christopher D. and Steinerberger, S.},
  title = {Approximating poinwise products of {L}aplacian eigenfunctions},
  journal = {J. Funct. Anal.},
  volume = {277},
  pages = {3271--3282},
  year = {2019}
  }

@article{ChenLiLu:19+,
  author = {Chen, Hongxu and Li, Qin and Lu, Jianfeng},
  title = {Numerical coupling methods of {BGK} model and {E}uler equation through linearized {K}nudsen layer},
  journal = {J. Comput. Phys.},
  year = {in press}
  }

@article{LuSteinerberger:19+,
  author = {Lu, Jianfeng and Steinerberger, Stefan},
  title = {A dimension-free {H}ermite-{H}adamard inequality via gradient estimates for the torsion function},
  journal = {Proc. Amer. Math. Soc.},
  year = {in press}
  }

@article{CaiLuYang:19+,
  author = {Cai, Zhenning and Lu, Jianfeng and Yang, Siyao},
  title = {Inchworm {M}onte {C}arlo method for open quantum systems},
  journal = {Comm. Pure Appl. Math.},
  year = {in press}
  }


%%%%%%%%%


@article{CaoLu:19+,
  author = {Cao, Yu and Lu, Jianfeng},
  title = {Tensorization of the strong data processing inequality for quantum chi-square divergences},
  year = {in press},
  journal = {Quantum}
  }


@misc{LuSteinerberger,
  author = {Lu, Jianfeng and Steinerberger, Stefan},
  title = {Optimal trapping for {B}rownian motion: a nonlinear analogue of the torsion function},
  year = {2019},
  note = {preprint, arXiv:1908.06273}
  }

@misc{LiLuWang,
  author = {Li, Wuchen and Lu, Jianfeng and Wang, Li},
  title = {Fisher information regularization schemes for {W}asserstein gradient flows},
  year = {2019},
  note = {preprint, arXiv:1907.02152}
  }

@misc{ChenLiLuWright,
  author = {Chen, Ke and Li, Qin and Lu, Jianfeng and Wright, Stephen J.},
  title = {A low-rank {S}chwarz method for radative transport equation with heterogeneous scattering coefficient},
  year = {2019},
  note = {preprint, arXiv:1906.02176}
  }

@misc{SenSachsLuDunson,
  author = {Sen, Deborshee and Sachs, Matthias and Lu, Jianfeng and Dunson, David},
  title = {Efficient posterior sampling for high-dimensional imbalanced logistic regression},
  year = {2019},
  note = {preprint, arXiv:1905.11232}
  }

@misc{AgazziLu,
  author = {Agazzi, Andrea and Lu, Jianfeng},
  title = {Temporal-difference learning for nonlinear value function approximation in the lazy training regime},
  year = {2019},
  note = {preprint, arXiv:1905.10917}
  }

@misc{LuLuNolen,
  author = {Lu, Yulong and Lu, Jianfeng and Nolen, James},
  title = {Accelerating {L}angevin sampling with birth-death},
  year = {2019},
  note = {preprint, arXiv:1905.09863}
  }

@misc{ChenLiLu, 
  author = {Chen, Ziang and Li, Yingzhou and Lu, Jianfeng},
  title = {Tensor ring decomposition: {E}nergy landscape and one-loop convergence of alternating least squares},
  year = {2019},
  note = {preprint, arXiv:1905.07101}
  }

@misc{LiLuMao,
  author = {Li, Yingzhou and Lu, Jianfeng and Mao, Anqi},
  title = {Variational training of neural network approximations of solution maps for physical models},
  year = {2019},
  note = {preprint, arXiv:1905.02789}
  }

@misc{GaoLiuLuMarzuola,
  author = {Gao, Yuan and Liu, Jian-Guo and Lu, Jianfeng and Marzuola, Jeremy L.},
  title = {Analysis of a continuum theory for broken bond crystal surface models with evaporation and deposition effects},
  year = {2019},
  note = {preprint, arXiv:1905.00179}
  }

@misc{AnHead-GordonLinLu,
  author = {An, Dong and Head-Gordon, Teresa and Lin, Lin and Lu, Jianfeng},
  title = {Convergence of stochastic-extended {L}agrangian molecular dynamics method for polarizable force field simulation},
  year = {2019},
  note = {preprint, arXiv:1904.12082}
  }

@misc{LiLiLiuLiuLu,
  author = {Li, Lei and Li, Yingzhou and Liu, Jian-Guo and Liu, Zibu and Lu, Jianfeng},
  title = {A stochastic version of {S}tein variational gradient descent for efficient sampling},
  year = {2019},
  note = {preprint, arXiv:1902.03394}
  }


@misc{HolstHu,
  author = {Holst, Michael and Hu, Houdong and Lu, Jianfeng and Marzuola, Jeremy L. and Song, Duo and Weare, John},
  title = {Symmetry breaking in density functional theory due to {D}irac exchange for a {H}ydrogen molecule},
  year = {2019},
  note = {preprint, arXiv:1902.03497}
  }

@misc{LiLuMattinglyWang,
  author = {Li, Lei and Lu, Jianfeng and Mattingly, Jonathan and Wang, Lihan},
  title = {Numerical methods for stochastic differential equations based on {G}aussian mixture},
  year = {2018},
  note = {preprint, arXiv:1812.11932}
  }

@misc{LuZhou,
  author = {Lu, Jianfeng and Zhou, Zhennan},
  title = {Continuum limit and preconditioned {L}angevin sampling for the path integral molecular dynamics},
  year = {2018},
  note = {preprint, arXiv:1811.10995}
  }

@misc{ThickeWatsonLu,
  author = {Thicke, Kyle and Watson, Alex and Lu, Jianfeng},
  title = {Computing edge states without hard truncation},
  year = {2018},
  note = {preprint, arXiv:1810.07082}
  }

@misc{GeLeeLi,
  author = {Ge, Rong and Lee, Holden and Lu, Jianfeng},
  title = {Estimating normalizing constants for log-concave distributions: {A}lgorithms and lower bounds},
  year = {2019},
  note = {preprint, arXiv:1911.03043}
  }

@misc{HanLiLinLuZhangZhang,
  author = {Han, Jiequn and Li, Yingzhou and Lin, Lin and Lu, Jianfeng and Zhang, Jiefu and Zhang, Linfeng},
  title = {Universal approximation of symmetric and antisymmetric functions},
  note = {in preparation}
  }