%% This BibTeX bibliography file was created using BibDesk.
%% http://bibdesk.sourceforge.net/


%% Created for Justin Romberg at 2017-03-09 22:50:59 -0500


%% Saved with string encoding Unicode (UTF-8)



@misc{bahmani17an,
	Author = {S. Bahmani and J. Romberg},
	Date-Added = {2017-03-10 03:50:58 +0000},
	Date-Modified = {2017-03-10 03:50:58 +0000},
	Howpublished = {arXiv:1702.05327},
	Month = {February},
	Title = {Anchored regression:  Solving random convex equations via convex programming},
	Year = {2017}}

@misc{bahmani16ph,
	Author = {S. Bahmani and J. Romberg},
	Date-Added = {2017-03-10 03:48:54 +0000},
	Date-Modified = {2017-03-10 03:48:54 +0000},
	Howpublished = {arXiv:1610.04210 (to appear at AISTATS 2017)},
	Month = {October},
	Title = {Phase retrieval meeets statistical learning theory: {A} flexible convex relaxation},
	Year = {2016}}

@article{davenport16ov,
	Author = {M. A. Davenport and J. Romberg},
	Date-Added = {2017-03-10 03:47:06 +0000},
	Date-Modified = {2017-03-10 03:47:06 +0000},
	Journal = {IEEE J. Selected Topics in Sig. Proc.},
	Number = {4},
	Pages = {608--622},
	Title = {An Overview of Low-Rank Matrix Recovery from Incomplete Observations},
	Volume = {10},
	Year = {2016}}

@article{candes08in,
	Author = {E. Cand\`es and M. Wakin},
	Date-Added = {2017-03-10 03:45:58 +0000},
	Date-Modified = {2017-03-10 03:45:58 +0000},
	Journal = {IEEE Signal Proc. Mag.},
	Month = {March},
	Number = {2},
	Pages = {21--30},
	Title = {An introduction to compressive sampling},
	Volume = {25},
	Year = {2008}}

@article{candes06st,
	Author = {E. Cand\`es and J. Romberg and T. Tao},
	Date-Added = {2017-03-10 03:45:14 +0000},
	Date-Modified = {2017-03-10 03:45:14 +0000},
	Journal = {Comm. on Pure and Applied Math.},
	Keywords = {basis pursuit, exact recovery, sparse approximation},
	Number = {8},
	Pages = {1207--1223},
	Title = {Stable signal recovery from incomplete and inaccurate measurements},
	Volume = {59},
	Year = {2006}}

@book{shalevshwartz11on,
	Author = {S. Shalev-Shwartz},
	Date-Added = {2017-03-10 03:42:49 +0000},
	Date-Modified = {2017-03-10 03:42:49 +0000},
	Publisher = {NOW},
	Series = {Foundations and Trends in Machine Learning},
	Title = {Online learning and online convex optimization},
	Year = {2011}}

@book{hazan15in,
	Author = {E. Hazan},
	Date-Added = {2017-03-10 03:38:09 +0000},
	Date-Modified = {2017-03-10 03:41:45 +0000},
	Publisher = {NOW},
	Series = {Foundations and Trends in Optimization},
	Title = {Introduction to Online Convex Optimization},
	Year = {2015}}

@misc{geolounge2016,
	Author = {Geolounge},
	Howpublished = {https://www.geolounge.com/fortune-1000-companies-list-2016/},
	Title = {Fortune 1000 companies list},
	Year = {2016}}

@misc{TFoDS-report-2016,
	Author = {Petros Drineas and Xiaoming Huo and et al.},
	Howpublished = {http://www.cs.rpi.edu/TFoDS/TFoDS\_v5.pdf},
	Title = {Workshop on {Theoretical Foundations of Data Science (TFoDS)}},
	Year = {2016}}

@article{Bastani-13-TASE,
	Author = {K. Bastani and Z. (James) Kong and W. Huang and X. Huo and Y. Zhou},
	Journal = {IEEE Transactions on Automation Science and Engineering},
	Month = {January},
	Number = {1},
	Pages = {124-136},
	Title = {Fault diagnosis using an enhanced relevance vector machine ({RVM}) for partially diagnosable multi-stationassembly processes},
	Volume = {10},
	Year = {2013}}

@inproceedings{Corbett-et-al2012,
	Author = {James {C.} Corbett and Jeffrey Dean and Michael Epstein and Andrew Fikes and Christopher Frost and JJ Furman and Sanjay Ghemawat and Andrey Gubarev and Christopher Heiser and Peter Hochschild},
	Booktitle = {Proceedings of the {USENIX} Symposium on Operating Systems Design and Implementation},
	Title = {Spanner: {Googles} globally distributed database},
	Year = {2012}}

@article{Huo-15-technometrics,
	Author = {Xiaoming Huo and Gabor J. Szekely},
	Journal = {Technometrics},
	Note = {Accepted},
	Title = {Fast computing for distance covariance},
	Year = {2015}}

@article{Kim-12-jns,
	Author = {H. Kim and X. Huo},
	Journal = {Journal of Nonparametric Statistics},
	Month = {September},
	Number = {3},
	Pages = {665-680},
	Title = {Locally optimal adaptive smoothing splines},
	Volume = {24},
	Year = {2012}}

@article{Kim-13-aml,
	Author = {Heeyoung Kim and Xiaoming Huo},
	Journal = {Applied Mathematics Letters},
	Pages = {774-779},
	Title = {Optimal sampling and curve interpolation via wavelets},
	Volume = {26},
	Year = {2013}}

@article{Kim-14-aor,
	Author = {H.-Y. Kim and X. Huo and J. Shi},
	Journal = {Annals of Operations Research},
	Note = {http://www.springer.com/alert/urltracking.do?id=L471c28fMeb6377Sae0acc1},
	Number = {1},
	Pages = {307-325},
	Title = {A single interval based classifier},
	Volume = {216},
	Year = {2014}}

@article{Kim-14-ejs,
	Author = {Heeyoung Kim and Xiaoming Huo},
	Journal = {Electronic Journal of Statistics},
	Number = {0},
	Pages = {159-183},
	Title = {Asymptotic optimality of a multivariate version of the generalized cross validation in adaptive smoothing splines},
	Volume = {8},
	Year = {2014}}

@article{Kim-14-TASE,
	Author = {Heeyoung Kim and Xiaoming Huo and M. Shilling and H. D. Tran},
	Journal = {IEEE Transactions on Automation Science and Engineering},
	Month = {April},
	Number = {2, {ITASC7}},
	Pages = {327-337},
	Title = {A Lipschitz regularity based statistical model, with applications in coordinate metrology},
	Volume = {11},
	Year = {2014}}

@article{Mitra-et-al2011,
	Author = {Siddharth Mitra and Mayank Agrawal and Amit Yadav and Niklas Carlsson and Derek Eager and Anirban Mahanti},
	Journal = {ACM Transactions on the Web},
	Month = {May},
	Number = {2},
	Title = {Characterizing web-based video sharing workloads},
	Volume = {5},
	Year = {2011}}

@article{Wang-13-sp,
	Author = {C. Wang and X. Huo},
	Journal = {Signal Processing},
	Month = {May},
	Number = {5},
	Pages = {1044-1055},
	Title = {Object tracking under low signal-to-noise-ratio with the instantaneous-possible-moving-position model},
	Volume = {93},
	Year = {2013}}

@article{Wang-15-cusum,
	Author = {Huizhu Wang and Seong-Hee Kim and Xiaoming Huo and Youngmi Hur and James Wilson},
	Journal = {International Journal of Production Research},
	Month = {August},
	Number = {15},
	Pages = {4648-4667},
	Title = {Monitoring nonlinear profiles adaptively with a wavelet-based distribution-free {CUSUM} chart},
	Volume = {53},
	Year = {2015}}

@inproceedings{Xu-13-pakdd,
	Address = {Gold Coast, Australia},
	Author = {H. Xu and D. Luo and X. Huo and X. Yang},
	Booktitle = {Workshop on Behavior and Social Informatics {(BSIUCBCN2013)}, in conjunction with the 2013 Pacific-Asia Conference on Data Mining and Knowledge Discovery {(PAKDD2013)}},
	Month = {April 14},
	Note = {acceptance rate 44\%: 16 out of 36},
	Title = {World expo problem and its mixed integer programming based solution},
	Year = {2013}}

@inbook{YangBook2014,
	Address = {Providence, RI},
	Author = {Zhouwang Yang and Huizhi Xie and Xiaoming Huo},
	Chapter = {Data-driven smoothing can preserve good asymptotic properties},
	Pages = {125-139},
	Publisher = {American Mathematical Society},
	Title = {Perspectives on Big Data Analysis Contemporary Mathematics},
	Volume = {622},
	Year = {2014}}

@article{Zhang-14,
	Author = {Yuanyuan Zhang and Renfu Li and Dinggen Li and Yang Hu and Xiaoming Huo},
	Journal = {Journal of the Franklin Institute},
	Month = {March},
	Number = {3},
	Pages = {1596-1614},
	Title = {Stabilization of the stochastic jump diffusion systems by state-feedback control},
	Volume = {351},
	Year = {2014}}

@inproceedings{jaggi2014communication,
	Author = {Jaggi, Martin and Smith, Virginia and Tak{\'a}c, Martin and Terhorst, Jonathan and Krishnan, Sanjay and Hofmann, Thomas and Jordan, Michael {I.}},
	Booktitle = {Advances in Neural Information Processing Systems},
	Pages = {3068-3076},
	Title = {Communication-efficient distributed dual coordinate ascent},
	Year = {2014}}

@inproceedings{Debraj-12-icdcs,
	Author = {Debraj De and Wen-Zhan Song and Mingsen Xu and Diane Cook and Xiaoming Huo},
	Booktitle = {The 32nd International Conference on Distributed Computing Systems {(ICDCS'12)}},
	Note = {(acceptance ratio 13\%: 71 out of 515)},
	Title = {{FindingHuMo}:real-time tracking of motion trajectories from anonymous binary sensing in smart environments},
	Year = {2012}}

@article{lu-12-TAC,
	Author = {Y. Lu and X. Huo and P. Tsiotras},
	Journal = {IEEE Trans. Automatic Control},
	Number = {5},
	Pages = {1166-1178},
	Title = {Beamlet-based graph structure for path planning using multiscale information},
	Volume = {57},
	Year = {2012}}

@unpublished{HuangHuo2015onestep,
	Author = {Cheng Huang and Xiaoming Huo},
	Month = {November},
	Note = {ArXiv},
	Title = {A Distributed One-Step Estimator},
	Year = {2015}}

@unpublished{HuangHuo2017rpdc,
	Author = {Cheng Huang and Xiaoming Huo},
	Month = {January},
	Note = {ArXiv},
	Source = {https://arxiv.org/abs/1701.06054},
	Title = {A Statistically and Numerically Efficient Independence Test based on Random Projections and Distance Covariance},
	Year = {2017}}

@article{Burnashev1979,
	Author = {M.~Burnashev},
	Journal = {Theory Probab. Appl.},
	Pages = {107-119},
	Title = {On the minimax detection of an imperfectly known signal in a white noise background},
	Volume = {24},
	Year = {1979}}

@article{Burnashev1982,
	Author = {M.~Burnashev},
	Journal = {Math. Notes},
	Pages = {757-761},
	Title = {Discrimination of hypotheses for {Gaussian} measures and a geometric characterization of the {Gaussian} distribution},
	Volume = {32},
	Year = {1982}}

@article{CT1A,
	Author = {Candes, E. J. and Tao, T.},
	Journal = {IEEE Trans. Inf. Theory},
	Pages = {4203-4215},
	Title = {Decoding by linear programming},
	Volume = {51},
	Year = {2006}}

@article{CT1,
	Author = {Candes, E. J. and Tao, T.},
	Journal = {The Annals of Statistics},
	Pages = {2313-2351},
	Title = {The Dantzig selector: statistical estimation when $p$ is much larger than $n$},
	Volume = {35},
	Year = {2007}}

@misc{ChangePoint,
	Author = {Cao, Y. and Guigues, V. and Juditsky, A. and Nemirovski, A. and Xie, Y.},
	Howpublished = {https://arxiv.org/pdf/1608.00524.pdf},
	Title = {Change Detection via Affine and Quadratic Detectors},
	Year = {2017}}

@article{Don94,
	Author = {Donoho, D.},
	Journal = {The Annals of Statistics},
	Number = {1},
	Pages = {238-270},
	Title = {Statistical estimation and optimal recovery},
	Volume = {22},
	Year = {1994}}

@article{DonC1,
	Author = {Donoho, D. and Huo, X.},
	Journal = {IEEE Trans. Inf. Theory},
	Number = {7},
	Pages = {2845-2862},
	Title = {Uncertainty principles and ideal atomic decomposition},
	Volume = {47},
	Year = {2001}}

@techreport{DonC2,
	Author = {Donoho, D.},
	Institution = {Department of Statistics, Stanford University},
	Title = {Neighborly polytopes and sparse solutions of underdetermined linear equations},
	Year = {2004}}

@article{GJN2015,
	Author = {Goldenshluger, A. and Juditsky, A. and Nemirovski, A.},
	Journal = {Electron. J. Statist.},
	Note = {https://arxiv.org/pdf/1311.6765.pdf},
	Number = {2},
	Pages = {1645-1712},
	Title = {Hypothesis testing by convex optimization},
	Volume = {9},
	Year = {2015}}

@article{JN2009,
	Author = {A.~B. Juditsky and A.~S. Nemirovski},
	Journal = {The Annals of Statistics},
	Note = {https://arxiv.org/pdf/0908.3108.pdf},
	Number = {5a},
	Pages = {2278-2300},
	Title = {Nonparametric estimation by convex programming},
	Volume = {37},
	Year = {2009}}

@article{JN2009A,
	Author = {Juditsky, A. and Nemirovski, A.},
	Journal = {Applied and Computational Harmonic Analysis},
	Pages = {157-179},
	Title = {Nonparametric denoising of signals with unknown local structure, {I}: Oracle inequalities},
	Volume = {27},
	Year = {2009}}

@article{JN2010,
	Author = {Juditsky, A. and Nemirovski, A.},
	Journal = {Applied and Computational Harmonic Analysis},
	Number = {3},
	Pages = {354-367},
	Title = {Nonparametric denoising signals with unknown local structure, {II}: Nonparametric function recovery},
	Volume = {29},
	Year = {2010}}

@article{JN2015,
	Author = {Juditsky, A. and Nemirovski, A.},
	Journal = {Bernoulli},
	Number = {2},
	Pages = {1134-1165},
	Title = {On detecting harmonic oscillations},
	Volume = {21},
	Year = {2015}}

@misc{Shij1,
	Author = {Shi, J.},
	Howpublished = {NSF report},
	Title = {In-Process Quality Improvement: Concepts and Methodology},
	Year = {1996}}

@book{Shij2,
	Author = {Shi, J.},
	Isbn = {0-8493-2151-4},
	Publisher = {CRC Press, Taylor \& Francis Group},
	Title = {Stream of Variation Modeling and Analysis for Multistage Manufacturing Processes},
	Year = {2006}}

@article{Shij3,
	Author = {Shi, J. and Zhou, S.},
	Journal = {IIE Transactions on Quality and Reliability Engineering},
	Pages = {744-753},
	Title = {Quality Control and Improvement for Multistage Systems: A Survey},
	Volume = {41},
	Year = {2009}}

@article{Shij4,
	Author = {Li, J. and Shi, J.},
	Journal = {IIE Transactions},
	Number = {6},
	Pages = {681-690},
	Title = {Knowledge Discovery from Observational Data for Process Control through Causal {Bayesian} Networks},
	Volume = {39},
	Year = {2007}}

@article{Shij5,
	Author = {Li, J. and Jin, J.},
	Journal = {IIE Transactions},
	Number = {8},
	Pages = {564-576},
	Title = {Optimal Sensor Allocation by Integrating Causal Models and Set-Covering Algorithms},
	Volume = {42},
	Year = {2010}}

@article{Shij6,
	Author = {Liu, K. and Shi, J.},
	Journal = {IIE Transactions},
	Number = {6},
	Pages = {630--643},
	Title = {Objectives-Oriented Optimal Sensor Allocation Strategy for Process Monitoring and Diagnosis by Multivariate Analysis in a Bayesian Network},
	Volume = {45},
	Year = {2013}}

@article{Shij7,
	Author = {Li, J. and Jin, J. and Shi, J.},
	Journal = {Journal of Quality Technology},
	Number = {1},
	Pages = {46-58},
	Title = {Causation-based $T^2$ Decomposition for Multivariate Process Monitoring and Diagnosis},
	Volume = {40},
	Year = {2008}}

@article{leykin2006newton,
	Author = {Leykin, Anton and Verschelde, Jan and Zhao, Ailing},
	Journal = {Theoretical Computer Science},
	Number = {1-3},
	Pages = {111--122},
	Publisher = {Elsevier},
	Title = {Newton's method with deflation for isolated singularities of polynomial systems},
	Volume = {359},
	Year = {2006}}

@book{cox1992ideals,
	Author = {Cox, David and Little, John and O'shea, Donal},
	Publisher = {Springer},
	Title = {Ideals, varieties, and algorithms},
	Volume = {3},
	Year = {1992}}

@book{morgan2009solving,
	Author = {Morgan, Alexander},
	Publisher = {SIAM},
	Title = {Solving polynomial systems using continuation for engineering and scientific problems},
	Year = {2009}}

@misc{bates2006bertini,
	Author = {Bates, Daniel J and Hauenstein, Jonathan D and Sommese, Andrew J and Wampler, Charles W},
	Title = {Bertini: Software for numerical algebraic geometry},
	Year = {2006}}

@article{verschelde1999algorithm,
	Author = {Verschelde, Jan},
	Journal = {ACM Transactions on Mathematical Software (TOMS)},
	Number = {2},
	Pages = {251--276},
	Publisher = {ACM},
	Title = {Algorithm 795: PHCpack: A general-purpose solver for polynomial systems by homotopy continuation},
	Volume = {25},
	Year = {1999}}

@misc{grayson2002macaulay,
	Author = {Grayson, Daniel R and Stillman, Michael E},
	Title = {Macaulay 2, a software system for research in algebraic geometry},
	Year = {2002}}

@book{sommese2005numerical,
	Author = {Sommese, Andrew J and Wampler II, Charles W},
	Publisher = {World Scientific},
	Title = {The Numerical solution of systems of polynomials arising in engineering and science},
	Year = {2005}}

@article{carlsson2009theory,
	Author = {Carlsson, Gunnar and Zomorodian, Afra},
	Journal = {Discrete \& Computational Geometry},
	Number = {1},
	Pages = {71--93},
	Publisher = {Springer},
	Title = {The theory of multidimensional persistence},
	Volume = {42},
	Year = {2009}}

@article{carlsson2009topology,
	Author = {Carlsson, Gunnar},
	Journal = {Bulletin of the American Mathematical Society},
	Number = {2},
	Pages = {255--308},
	Title = {Topology and data},
	Volume = {46},
	Year = {2009}}

@article{sequential,
	Author = {Juditsky, AB and Nemirovski, AS},
	Journal = {Automation and Remote Control},
	Number = {5},
	Pages = {809--825},
	Publisher = {Springer},
	Title = {On sequential hypotheses testing via convex optimization},
	Volume = {76},
	Year = {2015}}

@article{JuNemAffineDetectors,
	Author = {Juditsky, Anatoli and Nemirovski, Arkadi},
	Journal = {Electronic journal of statistics},
	Number = {2},
	Pages = {2204--2242},
	Publisher = {The Institute of Mathematical Statistics and the Bernoulli Society},
	Title = {Hypothesis testing via affine detectors},
	Volume = {10},
	Year = {2016}}

@misc{linquadforms,
	Author = {Juditsky, A. and Nemirovski, A.},
	Howpublished = {https://arxiv.org/pdf/1612.01508.pdf},
	Title = {Estimating Linear and Quadratic forms via Indirect Observations},
	Year = {2016}}

@inproceedings{HJNO2015,
	Author = {Harchaoui, Z. and Juditsky, A. and Nemirovski, A. and Ostrovsky, D.},
	Booktitle = {Proceedings of The 28th Conference on Learning Theory},
	Editor = {P. Gr\"{u}nwald and E. Hazan and S. Kale},
	Pages = {929-955},
	Series = {JMLR: Workshop and Conference Proceedings},
	Title = {Adaptive Recovery of Signals by Convex Optimization},
	Volume = {40},
	Year = {2015}}

@inproceedings{OHJN2016,
	Author = {Ostrovsky, D. and Harchaoui, Z. and Juditsky, A. and Nemirovski, A.},
	Booktitle = {Advances in Neural Information Processing Systems},
	Editor = {D.D. Lee and M. Sugiyama and U.V. Luxburg and I. Guyon and R. Garnett},
	Title = {Structure-Blind Signal Recovery},
	Volume = {29},
	Year = {2016}}

@unpublished{l2estimation,
	Author = {Juditsky, A. and Nemirovski, A.},
	Month = {April},
	Note = {Submitted to Annals of Statistics. https://arxiv.org/pdf/1602.01355.pdf},
	Title = {Near-Optimality of Linear Recovery in {Gaussian} Observation Scheme under $\|\cdot\|_2^2$-Loss},
	Year = {2016}}

@book{BenNem00,
	Address = {Philadelphia},
	Author = {A. Ben-Tal and A. Nemirovski},
	Publisher = {SIAM},
	Series = {MPS-SIAM Series on Optimization},
	Title = {Lectures on Modern Convex Optimization: Analysis, Algorithms, Engineering Applications},
	Year = {2000}}

@incollection{BerVal08-1,
	Address = {Princeton, New Jersey},
	Author = {D. Bergemann and J. Valimaki},
	Booktitle = {The New Palgrave Dictionary of Economics},
	Edition = {2nd},
	Editor = {V. L. Klee},
	Pages = {1--11},
	Publisher = {Macmillan Press},
	Series = {Proceedings of Symposia in Pure Mathematics},
	Title = {Bandit problems},
	Volume = {7},
	Year = {2008}}

@book{BoGhFeBa94,
	Address = {Philadelphia, PA},
	Author = {S. Boyd and L. {El Ghaoui} and E. Feron and V. Balakrishnan},
	Publisher = {Society for Industrial and Applied Mathematics},
	Series = {Studies in Applied Mathematics},
	Title = {Linear matrix inequalities in system and control theory},
	Volume = {15},
	Year = {1994}}

@book{BoydVand04,
	Author = {S. Boyd and L. Vandenberghe},
	Publisher = {Cambridge University Press},
	Title = {Convex Optimization},
	Year = {2004}}

@techreport{CaRe08-1,
	Address = {Pasadena, CA},
	Author = {E.J. Candes and B. Recht},
	Institution = {California Institute of Technology},
	Title = {Exact matrix completion via convex optimization},
	Type = {Manuscript},
	Year = {2008}}

@techreport{CaTao09-1,
	Address = {Pasadena, CA},
	Author = {E.J. Candes and T. Tao},
	Institution = {California Institute of Technology},
	Title = {The Power of Convex Relaxation: Near-Optimal Matrix Completion},
	Type = {Manuscript},
	Year = {2009}}

@article{CanRomTao06-1,
	Author = {E. J. Cand\'es and J. Romberg and T. Tao},
	Journal = {IEEE Transactions on Information Theory},
	Pages = {489-509},
	Title = {Robust uncertainty principles: Exact signal reconstruction from highly incomplete frequency information},
	Volumne = {52},
	Year = {2006}}

@article{Dippon03-1,
	Author = {J. Dippon},
	Journal = {The Annals of Statistics},
	Pages = {1260{\~A}$\pm$1281},
	Title = {Accelerated randomized stochastic optimization},
	Volume = {31(4)},
	Year = {2003}}

@article{Donoho06-1,
	Author = {D. Donoho},
	Journal = {IEEE Transactions on Information Theory},
	Pages = {1289-1306},
	Title = {Compressed sensing},
	Volumne = {52},
	Year = {2006}}

@book{NeNe94,
	Address = {Philadelphia},
	Author = {Y. E. Nesterov and A. Nemirovski},
	Publisher = {Society for Industrial and Applied Mathematics},
	Title = {Interior point Polynomial algorithms in Convex Programming: Theory and Applications},
	Year = {1994}}

@article{NemTod08-1,
	Author = {A. Nemirovski and M. Todd},
	Journal = {Acta Numerica},
	Pages = {191-234},
	Title = {Interior-point methods for optimization},
	Volume = 17,
	Year = 2008}

@techreport{ReFaPa07-1,
	Address = {Pasadena, CA},
	Author = {B. Recht and M. Fazel and P.A. Parrilo},
	Institution = {California Institute of Technology},
	Note = {Arxiv preprint arXiv:0706.4138},
	Title = {Guaranteed Minimum-Rank Solutions of Linear Matrix Equations via Nuclear Norm Minimization},
	Type = {Manuscript},
	Year = {2007}}

@book{Renegar01,
	Address = {Philadelphia},
	Author = {J. Renegar},
	Publisher = {SIAM},
	Title = {A Mathematical View of Interior-Point Methods in Convex Optimization},
	Year = {2001}}

@book{RooSTerVi97,
	Author = {C. Roos and T. Terlaky and J.-P. Vial},
	Publisher = {Wiley},
	Title = {Theory and Algorithms for Linear Optimization: An Interior Point Approach},
	Year = {1997}}

@article{RuOsFa92-1,
	Author = {L. Rudin and S. Osher and E. Fatemi},
	Journal = {Physica D},
	Pages = {259{\~A}$\pm$268},
	Title = {Nonlinear total variation based noise removal algorithms},
	Volume = {60},
	Year = {1992}}

@book{SaVaWo00,
	Address = {Boston-Dordrecht-London},
	Author = {R. Saigal and L. Vandenberghe and H. Wolkowicz},
	Publisher = {Kluwer Academic Publishers},
	Title = {Handbook of Semidefinite Programming},
	Year = {2000}}

@misc{UCI12,
	Author = {UCI},
	Note = {{\tt http://archive.ics.uci.edu/ml/index.html}},
	Title = {Machine Learning Repository}}

@article{VaLe63-1,
	Author = {V. Vapnik and A. Lerner},
	Journal = {Automation and Remote Control},
	Pages = {189-217},
	Title = {Pattern recognition using generalized portrait method},
	Volume = {24},
	Year = {1963}}

@book{Vanderbei07,
	Address = {New York},
	Author = {R. J. Vanderbei},
	Publisher = {Springer},
	Title = {Linear Programming: Foundations and Extensions},
	Year = {2007}}

@book{Vap95,
	Address = {New York},
	Author = {V. Vapnik},
	Publisher = {Springer-Verlag},
	Title = {The Nature of Statistical Learning Theory},
	Year = {1995}}

@book{Vap98,
	Address = {Hoboken, NJ},
	Author = {V. Vapnik},
	Publisher = {Wiley},
	Title = {Statistical Learning Theory},
	Year = {1998}}

@book{Wri97,
	Address = {Philadelphia},
	Author = {S. Wright},
	Publisher = {SIAM},
	Title = {Primal-dual interior-point methods},
	Year = {1997}}

@inproceedings{Xing02distancemetric,
	Author = {E. P. Xing and A. Y. Ng and M. I. Jordan and S. Russell},
	Booktitle = {Advances in Neural Information Processing Systems 15},
	Pages = {505--512},
	Publisher = {MIT Press},
	Title = {Distance Metric Learning, with Application to Clustering with Side-information},
	Year = {2002}}

@book{Ye97,
	Address = {Hoboken, NJ},
	Author = {Y. Ye},
	Publisher = {John Wiley},
	Title = {Interior Point Algorithms: Theory and Analysis},
	Year = {1997}}

@article{popescu2009general,
	Author = {Popescu, Ionel},
	Journal = {Probability theory and related fields},
	Number = {1-2},
	Pages = {179--220},
	Publisher = {Springer},
	Title = {General tridiagonal random matrix models, limiting distributions and fluctuations},
	Volume = {144},
	Year = {2009}}

@article{hauser2014upper,
	Author = {Hauser, Raphael and Matzinger, Heinrich and Popescu, Ionel},
	Journal = {to appear in Bernoulli, arXiv preprint arXiv:1409.7713},
	Title = {An Upper Bound on the Convergence Rate of a Second Functional in Optimal Sequence Alignment},
	Year = {2014}}

@article{lember2009standard,
	Author = {Lember, J{\"u}ri and Matzinger, Heinrich and others},
	Journal = {The Annals of Probability},
	Number = {3},
	Pages = {1192--1235},
	Publisher = {Institute of Mathematical Statistics},
	Title = {Standard deviation of the longest common subsequence},
	Volume = {37},
	Year = {2009}}

@article{ryan2011finite,
	Author = {Ryan, {\O}yvind and Masucci, Antonia and Yang, Sheng and Debbah, M{\'e}rouane},
	Journal = {IEEE Transactions on Information Theory},
	Number = {4},
	Pages = {2457--2473},
	Publisher = {IEEE},
	Title = {Finite dimensional statistical inference},
	Volume = {57},
	Year = {2011}}

@article{koltchinskii2015normal,
	Author = {Koltchinskii, Vladimir and Lounici, Karim},
	Journal = {arXiv preprint arXiv:1504.07333},
	Title = {Normal approximation and concentration of spectral projectors of sample covariance},
	Year = {2015}}

@article{koltchinskii2014asymptotics,
	Author = {Koltchinskii, Vladimir and Lounici, Karim},
	Journal = {arXiv preprint arXiv:1408.4643},
	Title = {Asymptotics and Concentration Bounds for Bilinear Forms of Spectral Projectors of Sample Covariance},
	Year = {2014}}

@article{bickel2008regularized,
	Author = {Bickel, Peter J and Levina, Elizaveta},
	Journal = {The Annals of Statistics},
	Pages = {199--227},
	Publisher = {JSTOR},
	Title = {Regularized estimation of large covariance matrices},
	Year = {2008}}

@article{karoui2008spectrum,
	Author = {Karoui, Noureddine El},
	Journal = {The Annals of Statistics},
	Pages = {2757--2790},
	Publisher = {JSTOR},
	Title = {Spectrum estimation for large dimensional covariance matrices using random matrix theory},
	Year = {2008}}

@article{marvcenko1967distribution,
	Author = {Mar{\v{c}}enko, Vladimir A and Pastur, Leonid Andreevich},
	Journal = {Mathematics of the USSR-Sbornik},
	Number = {4},
	Pages = {457},
	Publisher = {IOP Publishing},
	Title = {Distribution of eigenvalues for some sets of random matrices},
	Volume = {1},
	Year = {1967}}

@book{bai2010spectral,
	Author = {Bai, Zhidong and Silverstein, Jack W},
	Publisher = {Springer},
	Title = {Spectral analysis of large dimensional random matrices},
	Volume = {20},
	Year = {2010}}

@article{ledoit2015spectrum,
	Author = {Ledoit, Olivier and Wolf, Michael},
	Journal = {Journal of Multivariate Analysis},
	Pages = {360--384},
	Publisher = {Elsevier},
	Title = {Spectrum estimation: A unified framework for covariance matrix estimation and {PCA} in large dimensions},
	Volume = {139},
	Year = {2015}}

@article{dobriban2015efficient,
	Author = {Dobriban, Edgar},
	Journal = {Random Matrices: Theory and Applications},
	Number = {04},
	Pages = {1550019},
	Publisher = {World Scientific},
	Title = {Efficient computation of limit spectra of sample covariance matrices},
	Volume = {4},
	Year = {2015}}

@article{lam2016nonparametric,
	Author = {Lam, Clifford and others},
	Journal = {The Annals of Statistics},
	Number = {3},
	Pages = {928--953},
	Publisher = {Institute of Mathematical Statistics},
	Title = {Nonparametric eigenvalue-regularized precision or covariance matrix estimator},
	Volume = {44},
	Year = {2016}}

@article{kong2016spectrum,
	Author = {Kong, Weihao and Valiant, Gregory},
	Journal = {arXiv preprint arXiv:1602.00061},
	Title = {Spectrum estimation from samples},
	Year = {2016}}

@article{yeo2016random,
	Author = {Yeo, Joongyeub and Papanicolaou, George},
	Journal = {arXiv preprint arXiv:1611.05571},
	Title = {Random matrix approach to estimation of high-dimensional factor models},
	Year = {2016}}

@article{ledoit2011eigenvectors,
	Author = {Ledoit, Olivier and P{\'e}ch{\'e}, Sandrine},
	Journal = {Probability Theory and Related Fields},
	Number = {1-2},
	Pages = {233--264},
	Publisher = {Springer},
	Title = {Eigenvectors of some large sample covariance matrix ensembles},
	Volume = {151},
	Year = {2011}}

@article{stein1986lectures,
	Author = {Stein, Charles},
	Journal = {Journal of Mathematical Sciences},
	Number = {1},
	Pages = {1373--1403},
	Publisher = {Springer},
	Title = {Lectures on the theory of estimation of many parameters},
	Volume = {34},
	Year = {1986}}

@article{bai1999exact,
	Author = {Bai, ZD and Silverstein, Jack W},
	Journal = {Annals of probability},
	Pages = {1536--1555},
	Publisher = {JSTOR},
	Title = {Exact separation of eigenvalues of large dimensional sample covariance matrices},
	Year = {1999}}

@article{rademacher_vempala_2004,
	Author = {Rademacher, Luis and Vempala, Santosh},
	Journal = {Proc. of the 24th FST$ \&$TCS, Chennai},
	Title = {Testing geometric convexity},
	Year = {2004}}

@article{vempala_jacm_2010,
	Author = {Vempala, Santosh},
	Journal = {JACM},
	Title = {A random sampling based algorithm for learning the intersection of half-spaces},
	Year = {2010}}

@article{vempala_2010,
	Author = {Vempala, Santosh},
	Journal = {Proc. of FOCS},
	Title = {Learning Convex Concepts from Gaussian Distributions with PCA},
	Year = {2010}}

@article{vempala_2001,
	Author = {Vempala, Santosh},
	Doi = {10.1007/978-1-4615-0013-1_16},
	Journal = {Handbook of Randomized Computing Combinatorial Optimization},
	Pages = {651--671},
	Title = {The Random Projection Method},
	Year = {2001},
	Bdsk-Url-1 = {http://dx.doi.org/10.1007/978-1-4615-0013-1_16}}

@inproceedings{MRS,
	Author = {Miracle, S. and Randall, D. and Streib, A.},
	Booktitle = {Proceedings of the 14th international workshop and 15th international conference on Approximation, randomization, and combinatorial optimization: algorithms and techniques},
	Pages = {652--663},
	Series = {APPROX'11/RANDOM'11},
	Title = {Clustering in interfering binary mixtures},
	Year = {2011}}

@inproceedings{randall06,
	Author = {Randall, Dana},
	Booktitle = {Proceedings of the 17th Annual ACM-SIAM Symposium on Discrete Algorithm},
	Pages = {870--879},
	Series = {SODA},
	Title = {Slow mixing of glauber dynamics via topological obstructions},
	Year = {2006}}

@inproceedings{BR04,
	Author = {Bhatnagar, N. and Randall, D.},
	Booktitle = {Proceedings of the 15th ACM/SIAM Symposium on Discrete Algorithms},
	Pages = {478--487},
	Series = {SODA},
	Title = {Torpid mixing of simulated tempering on the Potts model},
	Year = {2004}}

@article{cmr,
	Author = {Cannon, S. and Miracle, S. and Randall, D.},
	Journal = {Proceedings of the 26th Annual ACM-SIAM Symposium on Discrete Algorithms},
	Pages = {1573--1589},
	Title = {Phase Transitions in Random Dyadic Tilings and Rectangular Dissections},
	Year = {2015}}

@article{mrst,
	Author = {Sarah Miracle and Dana Randall and Amanda Pascoe Streib and Prasad Tetali},
	Journal = {CoRR},
	Title = {Algorithms for Sampling 3-Orientations of Planar Triangulations},
	Volume = {abs/1202.4945},
	Year = {2012}}

@inproceedings{GPR09,
	Author = {Greenberg, S. and Pascoe, A. and Randall, D.},
	Booktitle = {Proceedings of the twentieth Annual ACM-SIAM Symposium on Discrete Algorithms},
	Series = {SODA},
	Title = {Sampling biased lattice configurations using exponential metrics},
	Year = {2009}}

@inproceedings{pr,
	Author = {Pascoe, A. and Randall, D.},
	Booktitle = {Proceedings of the 6th Annual Foundations of Nanoscience Conference},
	Series = {FNANO '09},
	Title = {Self-assembly and convergence rates of heterogeneous reversible growth processes},
	Year = {2009}}

@conference{RM03,
	Author = {Randall, D.},
	Booktitle = {Proceedings of the 44th annual IEEE symposium on Foundations of Computer Science},
	Title = {Mixing},
	Year = {2003}}

@article{RT98,
	Author = {Randall, D. and Tetali, P.},
	Journal = {Journal of Mathematical Physics},
	Pages = {1598--1615},
	Title = {Analyzing Glauber Dynamics by Comparison of {M}arkov Chains},
	Volume = {41},
	Year = {2000}}

@article{bgrt,
	Author = {Blanca, A and Galvin, D. and Randall, D. and Tetali, P.},
	Journal = {Proceedings of APPROX/RANDOM},
	Pages = {379--394},
	Title = {Phase Coexistence and Slow Mixing for the Hard-Core Model on $\mathbb{Z}^2$},
	Year = {2013}}

@article{BGR06,
	Author = {Bhatnagar, Nayantara and Greenberg, Sam and Randall, Dana},
	Journal = {Proceedings of APPROX/RANDOM},
	Pages = {280--291},
	Publisher = {Springer Berlin Heidelberg},
	Title = {The effect of boundary conditions on mixing rates of markov chains},
	Year = {2006}}

@article{grnano,
	Author = {Greenberg, S. and Randall, D.},
	Journal = {Theoretical Computer Science},
	Title = {Convergence of local Markov chains for the non-saturated Ising model},
	Year = {2008}}

@inproceedings{gpr,
	Author = {Greenberg, S. and Pascoe, A. and Randall, D.},
	Booktitle = {Proceedings of the 20th Symposium on Discrete Algorithms (SODA)},
	Pages = {76--85},
	Title = {Sampling biased lattice configurations using exponential metrics},
	Year = {2009}}

@article{bbr,
	Author = {Bez\'{a}kov\'{a}, I. and Bhatnagar, N. and Randall, D.},
	Journal = {Journal of Combinatorial Optimization},
	Title = {On the Diaconis-Gangolli Markov Chain for sampling contingency tables with cell-bounded entries},
	Year = {2010}}

@inproceedings{br,
	Author = {Bhatnagar, N. and Randall, D.},
	Booktitle = {15th ACM/SIAM Symposium on Discrete Algorithms (SODA)},
	Pages = {4--15},
	Title = {Torpid mixing of simulated tempering on the Potts model},
	Year = {2004}}

@article{cdr,
	Author = {Cryan, M. and Dyer, M. and Randall, D.},
	Journal = {SIAM Journal on Computing},
	Pages = {2683-2703},
	Title = {Approximately counting integer flows and cell-bounded contingency tables},
	Volume = {39},
	Year = {2010}}

@inproceedings{galr,
	Author = {Galvin, D. and Randall, D.},
	Booktitle = {17th Symposium on Discrete Algorithms (SODA)},
	Pages = {376--384},
	Title = {Torpid mixing of local Markov chains on 3-colorings of the discrete torus},
	Year = {2007}}

@article{gr,
	Author = {Greenberg, S. and Randall, D.},
	Journal = {Algorithmica},
	Pages = {911--927},
	Title = {Slow mixing of Markov chains using fault lines and fat contours},
	Volume = {58},
	Year = {2010}}

@article{JanRanSpe02,
	Author = {Janson, S. and Randall, D. and Spencer, J.},
	Journal = {Random Structures and Algorithms},
	Pages = {225-251},
	Title = {Random Dyadic Tilings of the Unit Square},
	Volume = {21},
	Year = {2001}}

@article{lrs,
	Author = {Luby, M. and Randall, D. and Sinclair, A.J.},
	Journal = {SIAM Journal on Computing},
	Pages = {167--192},
	Title = {Markov chains for planar lattice structures},
	Volume = {31},
	Year = {2001}}

@article{MadR2,
	Author = {Madras, N. and Randall, D.},
	Journal = {Annals of Applied Probability},
	Pages = {581--606},
	Title = {Markov chain decomposition for convergence rate analysis},
	Volume = {12},
	Year = {2002}}

@article{MarR2,
	Author = {Martin, R.A. and Randall, D.},
	Journal = {Combinatorics, Probability and Computing},
	Pages = {411--448},
	Title = {Disjoint decomposition of Markov chains and sampling circuits in Cayley graphs},
	Volume = {15},
	Year = {2006}}

@article{rnonsing,
	Author = {Randall, D.},
	Journal = {Random Structures and Algorithms},
	Pages = {111--118},
	Title = {Efficient generation of random nonsingular matrices},
	Volume = {4},
	Year = {1993}}

@inproceedings{ddecomp,
	Author = {Randall, D.},
	Booktitle = {26th Symp. on Mathematical Foundations of Computer Science (MFCS)},
	Pages = {72--84},
	Series = {Lecture Notes in Computer Science},
	Title = {Decomposition methods and sampling circuits in the Cartesian lattice},
	Volume = {1256},
	Year = {2001}}

@inproceedings{randtop,
	Author = {Randall, D.},
	Booktitle = {16th ACM-SIAM Symposium of Discrete Algorithms {(SODA)}},
	Pages = {870--879},
	Title = {Slow mixing of Glauber dynamics via topological obstructions},
	Year = {2006}}

@article{rs,
	Author = {Randall, D. and Sinclair, A.J.},
	Journal = {Journal of Mathematical Physics},
	Pages = {1570--1584},
	Title = {Self-testing algorithms for self-avoiding walks},
	Volume = {41},
	Year = {2000}}

@article{rt,
	Author = {Randall, D. and Tetali, P.},
	Journal = {Journal of Mathematical Physics},
	Pages = {1598--1615},
	Title = {Analyzing glauber dynamics by comparison of Markov chains},
	Volume = {41},
	Year = {2000}}

@inproceedings{rw,
	Author = {Randall, D. and Wilson, D.B.},
	Booktitle = {10th ACM-SIAM Symposium on Discrete Algorithms},
	Pages = {S959--960},
	Title = {Sampling spin configurations of an Ising system},
	Year = {1999}}

@inproceedings{rwink,
	Author = {Randall, D. and Winkler, P.},
	Booktitle = {2nd Workshop on Analytic Algorithms and Combinatorics},
	Pages = {218-221},
	Title = {Mixing of points on an interval},
	Year = {2005}}

@inproceedings{rwink2,
	Author = {Randall, D. and Winkler, P.},
	Booktitle = {9th International Workshop on Randomization and Approximation Techniques in Computer Science},
	Pages = {426-435},
	Title = {Mixing Points on a Circle},
	Year = {2005}}

@inproceedings{BMR,
	Author = {Bhakta, P. and Miracle, S. and Randall, D.},
	Booktitle = {25th Symposium on Discrete Algorithms},
	Pages = {327-340},
	Title = {Clustering and Mixing Times for Segregation Models on $\mathbb{Z}^2$.},
	Year = {2014}}

@inproceedings{mrs1,
	Author = {Miracle, S. and Randall, D. and Streib, A.},
	Booktitle = {Proc. of the Eighth Workshop on Analytic Algorithmics and Combinatorics},
	Pages = {135-149},
	Title = {Cluster Algorithms for Discrete Models of Colloids with Bars},
	Year = {2011}}

@inproceedings{mrs2,
	Author = {Miracle, S. and Randall, D. and Streib, A.},
	Booktitle = {Proceedings of the 14th international workshop and 15th international conference on Approximation, randomization, and combinatorial optimization: algorithms and techniques},
	Pages = {652--663},
	Series = {APPROX'11/RANDOM'11},
	Title = {Clustering in interfering binary mixtures},
	Year = {2011}}

@unpublished{gkrs,
	Author = {D. Galvin and J. Kahn and D. Randall and G. Sorkin},
	Note = {Submitted},
	Title = {Phase coexistence and torpid mixing in the $3$-coloring model on ${\mathbb Z}^d$},
	Year = {2014}}

@inproceedings{cdrr,
	Author = {Cannon, Sarah and Daymude, Joshua J and Randall, Dana and Richa, Andr{\'e}a W},
	Booktitle = {Proceedings of the 2016 ACM Symposium on Principles of Distributed Computing},
	Organization = {ACM},
	Pages = {279--288},
	Title = {A Markov Chain Algorithm for Compression in Self-Organizing Particle Systems},
	Year = {2016}}

@inproceedings{rnano,
	Author = {D. Randall},
	Booktitle = {the 4th Conference on Nanoscience ({FNANO})},
	Pages = {117--125},
	Title = {Markov chain convergence and the efficiency of some self-assembly models},
	Year = {2007}}

@incollection{zhilong2016uncertainty,
  title={Uncertainty quantification for wavefield reconstruction inversion using a PDE-free semidefinite Hessian and randomize-then-optimize method},
  author={Zhilong, Fang and Lee, Chia Ying and Da Silva, Curt and Herrmann, Felix and Van Leeuwen, Tristan},
  booktitle={SEG Technical Program Expanded Abstracts 2016},
  pages={1390--1394},
  year={2016},
  publisher={Society of Exploration Geophysicists}
}

@article{afraimovich2007dynamical,
  title={Dynamical networks: interplay of topology, interactions and local dynamics},
  author={Afraimovich, Valentin S and Bunimovich, Leonid A},
  journal={Nonlinearity},
  volume={20},
  number={7},
  pages={1761},
  year={2007},
  publisher={IOP Publishing}
}

@article{bakhtin2011optimal,
  title={The optimal sink and the best source in a Markov chain},
  author={Bakhtin, Yuri and Bunimovich, Leonid},
  journal={Journal of Statistical Physics},
  volume={143},
  number={5},
  pages={943--954},
  year={2011},
  publisher={Springer}
}

@article{bunimovich2014isospectral,
  title={Isospectral transformations},
  author={Bunimovich, Leonid and Webb, Benjamin},
  journal={Springer Monographs in Mathematics, Springer, New York},
  year={2014},
  publisher={Springer}
}

@article{skums2015antigenic,
  title={Antigenic cooperation among intrahost HCV variants organized into a complex network of cross-immunoreactivity},
  author={Skums, Pavel and Bunimovich, Leonid and Khudyakov, Yury},
  journal={Proceedings of the National Academy of Sciences},
  volume={112},
  number={21},
  pages={6653--6658},
  year={2015},
  publisher={National Acad Sciences}
}
@unpublished{vickisubtransmission,
  title={Transmission of Droplet-Mediated Respiratory Diseases During Transcontinental Airline Flights},
  author={Vicki, Hertzberg and Howard, Weiss},
  note={Submitted for publication}
}

@book{gerstner2002spiking,
  title={Spiking neuron models: Single neurons, populations, plasticity},
  author={Gerstner, Wulfram and Kistler, Werner M},
  year={2002},
  publisher={Cambridge university press}
}


@article{yashtini2016fast,
  title={A Fast Relaxed Normal Two Split Method and an Effective Weighted TV Approach for Euler's Elastica Image Inpainting},
  author={Yashtini, Maryam and Kang, Sung Ha},
  journal={SIAM Journal on Imaging Sciences},
  volume={9},
  number={4},
  pages={1552--1581},
  year={2016},
  publisher={SIAM}
}

@article{sandberg2010unsupervised,
  title={Unsupervised multiphase segmentation: A phase balancing model},
  author={Sandberg, Berta and Kang, Sung Ha and Chan, Tony F},
  journal={IEEE transactions on image processing},
  volume={19},
  number={1},
  pages={119--130},
  year={2010},
  publisher={IEEE}
}

@article{ha2010image,
  title={Image and video colorization using vector-valued reproducing kernel Hilbert spaces},
  author={Ha Quang, Minh and Kang, Sung Ha and Le, Triet M},
  journal={Journal of Mathematical Imaging and Vision},
  volume={37},
  number={1},
  pages={49--65},
  year={2010},
  publisher={Springer}
}

@article{bhatnagar2016decay,
  title={Decay of Correlations for the Hardcore Model on the $ d $-regular Random Graph},
  author={Bhatnagar, Nayantara and Sly, Allan and Tetali, Prasad and others},
  journal={Electronic Journal of Probability},
  volume={21},
  year={2016},
  publisher={The Institute of Mathematical Statistics and the Bernoulli Society}
}

@article{bobkov2015concentration,
  title={Concentration properties of restricted measures with applications to non-Lipschitz functions},
  author={Bobkov, Sergey and Nayar, Piotr and Tetali, Prasad},
  journal={arXiv preprint arXiv:1506.06174},
  year={2015}
}

@article{che2016convergence,
  title={Convergence to global equilibrium for Fokker--Planck equations on a graph and Talagrand-type inequalities},
  author={Che, Rui and Huang, Wen and Li, Yao and Tetali, Prasad},
  journal={Journal of Differential Equations},
  volume={261},
  number={4},
  pages={2552--2583},
  year={2016},
  publisher={Elsevier}
}

@article{klartag2015discrete,
  title={Discrete curvature and abelian groups},
  author={Klartag, Bo'az and Kozma, Gady and Ralli, Peter and Tetali, Prasad},
  journal={arXiv preprint arXiv:1501.00516},
  year={2015}
}

@article{christensen2017approximation,
  title={Approximation and online algorithms for multidimensional bin packing: A survey},
  author={Christensen, Henrik I and Khan, Arindam and Pokutta, Sebastian and Tetali, Prasad},
  journal={Computer Science Review},
  year={2017},
  publisher={Elsevier}
}

@article{gozlan2015characterization,
  title={Characterization of a class of weak transport-entropy inequalities on the line},
  author={Gozlan, Nathael and Roberto, Cyril and Samson, Paul-Marie and Shu, Yan and Tetali, Prasad},
  journal={arXiv preprint arXiv:1509.04202},
  year={2015}
}

@article{gozlan2014kantorovich,
  title={Kantorovich duality for general transport costs and applications},
  author={Gozlan, Nathael and Roberto, Cyril and Samson, Paul-Marie and Tetali, Prasad},
  journal={arXiv preprint arXiv:1412.7480},
  year={2014}
}

@article{bahmani2016algebraic,
  title={Algebraic Connectivity Under Site Percolation in Finite Weighted Graphs},
  author={Bahmani, Sohail and Romberg, Justin and Tetali, Prasad},
  journal={arXiv preprint arXiv:1612.05986},
  year={2016}
}


@article{Stein-Ecological,
    author = {Stein, Richard R. AND Bucci, Vanni AND Toussaint, Nora C. AND Buffie, Charlie G. AND Rätsch, Gunnar AND Pamer, Eric G. AND Sander, Chris AND Xavier, João B.},
    journal = {PLOS Computational Biology},
    publisher = {Public Library of Science},
    title = {Ecological Modeling from Time-Series Inference: Insight into Dynamics and Stability of Intestinal Microbiota},
    year = {2013},
    month = {12},
    volume = {9},
    url = {http://dx.doi.org/10.1371%2Fjournal.pcbi.1003388},
    pages = {1-11},
    doi = {10.1371/journal.pcbi.1003388}
}

@article {Jover-Inferring-Phage,
	author = {Jover, Luis F. and Romberg, Justin and Weitz, Joshua S.},
	title = {Inferring phage{\textendash}bacteria infection networks from time-series data},
	volume = {3},
	number = {11},
	year = {2016},
	doi = {10.1098/rsos.160654},
	publisher = {The Royal Society},
	URL = {http://rsos.royalsocietypublishing.org/content/3/11/160654},
	eprint = {http://rsos.royalsocietypublishing.org/content/3/11/160654.full.pdf},
	journal = {Royal Society Open Science}
}

@article{brunton2016discovering,
  title={Discovering governing equations from data by sparse identification of nonlinear dynamical systems},
  author={Brunton, Steven L and Proctor, Joshua L and Kutz, J Nathan},
  journal={Proceedings of the National Academy of Sciences},
  volume={113},
  number={15},
  pages={3932--3937},
  year={2016},
  publisher={National Acad Sciences}
}

@article{michopoulos2003design,
  title={Design of a data-driven environment for multiphysics and multi-domain applications},
  author={Michopoulos, J and Tsompanopoulou, P and Houstis, E and Rice, J and Farhat, C and Lesoinne, M and Lechenault, F},
  journal={Dynamic Data Driven Applications Systems},
  year={2003},
  publisher={Kluwer Academic Publishers}
}

@article{peherstorfer2015online,
  title={Online adaptive model reduction for nonlinear systems via low-rank updates},
  author={Peherstorfer, Benjamin and Willcox, Karen},
  journal={SIAM Journal on Scientific Computing},
  volume={37},
  number={4},
  pages={A2123--A2150},
  year={2015},
  publisher={SIAM}
}

@article{kang2015path,
  title={Path optimization with limited sensing ability},
  author={Kang, Sung Ha and Kim, Seong Jun and Zhou, Haomin},
  journal={Journal of Computational Physics},
  volume={299},
  pages={887--901},
  year={2015},
  publisher={Elsevier}
}

@article{Woodruff14,
  title={Sketching as a tool for numerical linear algebra},
  author={Woodruff, David P},
  journal={Foundations and Trends{\textregistered} in Theoretical Computer Science},
  volume={10},
  number={1--2},
  pages={1--157},
  year={2014},
  publisher={Now Publishers, Inc.}
}

@inproceedings{Teng10,
  title={The Laplacian paradigm: Emerging algorithms for massive graphs},
  author={Teng, Shang-Hua},
  booktitle={International Conference on Theory and Applications of Models of Computation},
  pages={2--14},
  year={2010},
  organization={Springer}
}

@inproceedings{LeeS13,
  title={Efficient accelerated coordinate descent methods and faster algorithms for solving linear systems},
  author={Lee, Yin Tat and Sidford, Aaron},
  booktitle={Foundations of Computer Science (FOCS), 2013 IEEE 54th Annual Symposium on},
  pages={147--156},
  year={2013},
  organization={IEEE}
}

@inproceedings{LeeS14,
  title={Path finding methods for linear programming: Solving linear programs in $O(\sqrt{rank})$ iterations and faster algorithms for maximum flow},
  author={Lee, Yin Tat and Sidford, Aaron},
  booktitle={Foundations of Computer Science (FOCS), 2014 IEEE 55th Annual Symposium on},
  pages={424--433},
  year={2014},
  organization={IEEE}
}

@inproceedings{AllenzhuO15,
  title={Using optimization to break the epsilon barrier: A faster and simpler width-independent algorithm for solving positive linear programs in parallel},
  author={Allen-Zhu, Zeyuan and Orecchia, Lorenzo},
  booktitle={Proceedings of the Twenty-Sixth Annual ACM-SIAM Symposium on Discrete Algorithms},
  pages={1439--1456},
  year={2015},
  organization={Society for Industrial and Applied Mathematics}
}

@inproceedings{Madry13,
  title={Navigating central path with electrical flows: From flows to matchings, and back},
  author={Madry, Aleksander},
  booktitle={Foundations of Computer Science (FOCS), 2013 IEEE 54th Annual Symposium on},
  pages={253--262},
  year={2013},
  organization={IEEE},
  note = {Available at http://arxiv.org/abs/1307.2205}
}

@inproceedings{KannanVW14,
  author    = {Ravi Kannan and
               Santosh Vempala and
               David P. Woodruff},
  title     = {Principal Component Analysis and Higher Correlations for Distributed
               Data},
  booktitle = {Proceedings of The 27th Conference on Learning Theory, {COLT} 2014,
               Barcelona, Spain, June 13-15, 2014},
  pages     = {1040--1057},
  year      = {2014},
  url       = {http://jmlr.org/proceedings/papers/v35/kannan14.html}
}


@article{KoutisMP10:journal,
author = {Koutis, I. and Miller, G. and Peng, R.},
title = {Approaching Optimality for Solving SDD Linear Systems},
journal = {SIAM Journal on Computing},
volume = {43},
number = {1},
pages = {337-354},
year = {2014},
doi = {10.1137/110845914},
URL = {http://dx.doi.org/10.1137/110845914},
eprint = {http://dx.doi.org/10.1137/110845914}
}
@BOOK{WuHamadaBook2009,
  author =       {C. F. J. Wu and M. S. Hamada},
  title =        {Experiments: Planning, Analysis, and Optimization},
  publisher =    {John Wiley},
  year =         {2009},
  address =      {New York, NY},
  edition =      {Second Edition (716 pages)},
}


@inproceedings{DaiWanTriSon16,
  title = {Recurrent Coevolutionary Feature Embedding Processes for Recommendation},
  author = {H. Dai and Y. Wang and R. Trivedi and L. Song},
  booktitle = {Recsys Workshop on Deep Learning for Recommendation Systems},
  year = {2016},
  pdf = {https://arxiv.org/abs/1609.03675}
}
@inproceedings{DuDaiTriEtal16,
  title = {Recurrent Marked Temporal Point Process},
  author = {N. Du and H. Dai and R. Trivedi and U. Upadhyay and M. Rodriguez and L. Song},
  booktitle = {Knowledge Discovery and Data Mining (KDD)},
  year = {2016},
  pdf = {papers/DuDaiTriEtal16.pdf}
}
@inproceedings{DaiDaiSon16,
  title = {Discriminative Embeddings of Latent Variable Models for Structured Data},
  author = {H. Dai and B. Dai and L. Song},
  booktitle = {International Conference on Machine Learning (ICML)},
  year = {2016},
  url = {papers/DaiDaiSon16.pdf}
}
@inproceedings{DaiDaiZhaLietal17,
  title = {Recurrent hidden semi-Markov models},
  author = {H. Dai and B. Dai and Y. Zhang and S. Li and L. Song},
  booktitle = {International Conference on Learning Representations (ICLR)},
  year = {2017},
  pdf = {papers/DaiDaiZhaLietal17.pdf}
}
@inproceedings{LiuWenYuLietal17,
  title = {SphereFace: Deep Hypersphere Embedding for Face Recognition},
  author = {Weiyang Liu and Yandong Wen and Zhiding Yu and Ming Li and Bhiksha Raj and Le Song},
  booktitle = {CVPR},
  year = {2017},
  pdf = {papers/coming}
}
@inproceedings{KhaBodSonNemDil16,
  title = {Learning to Branch in Mixed Integer Programming},
  author = {E. Khalil and P. Le Bodic and L. Song and G. Nemhauser and B. Dilkina},
  booktitle = {AAAI Conference on Artificial Intelligence},
  year = {2016},
  pdf = {papers/KhaBodSonNemDil16.pdf}
}
